<record><leader>00000cas a22000007a 4500</leader><controlfield tag="001">12241350</controlfield><controlfield tag="008">850708d19331934deudn ne      0    0eng  </controlfield><datafield ind1=" " ind2=" " tag="010"><subfield code="a">sn 85042355 </subfield></datafield><datafield ind1=" " ind2=" " tag="040"><subfield code="a">DLC</subfield><subfield code="b">eng</subfield><subfield code="c">DLC</subfield><subfield code="d">DEX</subfield><subfield code="d">DLC</subfield><subfield code="d">OCLCQ</subfield><subfield code="d">OCLCO</subfield><subfield code="d">OCLCF</subfield></datafield><datafield ind1="1" ind2=" " tag="029"><subfield code="a">AU@</subfield><subfield code="b">000020383789</subfield></datafield><datafield ind1=" " ind2=" " tag="042"><subfield code="a">pcc</subfield></datafield><datafield ind1=" " ind2=" " tag="043"><subfield code="a">n-us-de</subfield></datafield><datafield ind1="0" ind2="0" tag="050"><subfield code="a">Newspaper</subfield></datafield><datafield ind1="0" ind2="4" tag="245"><subfield code="a">The Evening journal and every evening.</subfield></datafield><datafield ind1="1" ind2="3" tag="246"><subfield code="a">Evening journal-every evening</subfield></datafield><datafield ind1=" " ind2=" " tag="260"><subfield code="a">Wilmington, Del. :</subfield><subfield code="b">News-Journal Co.,</subfield><subfield code="c">1933-1934.</subfield></datafield><datafield ind1=" " ind2=" " tag="300"><subfield code="a">2 v. :</subfield><subfield code="b">ill.</subfield></datafield><datafield ind1=" " ind2=" " tag="310"><subfield code="a">Daily (except Sun.)</subfield></datafield><datafield ind1="0" ind2=" " tag="362"><subfield code="a">Jan. 2, 1933-Aug. 28, 1934.</subfield></datafield><datafield ind1=" " ind2=" " tag="530"><subfield code="a">Also issued on microfilm from Bell &amp; Howell, Micro Photo Division.</subfield></datafield><datafield ind1=" " ind2="0" tag="651"><subfield code="a">Wilmington (Del.)</subfield><subfield code="v">Newspapers.</subfield></datafield><datafield ind1=" " ind2="7" tag="655"><subfield code="a">Newspapers.</subfield><subfield code="2">fast</subfield><subfield code="0">(OCoLC)fst01423814</subfield></datafield><datafield ind1=" " ind2="7" tag="651"><subfield code="a">Delaware</subfield><subfield code="z">Wilmington.</subfield><subfield code="2">fast</subfield><subfield code="0">(OCoLC)fst01203983</subfield></datafield><datafield ind1=" " ind2=" " tag="752"><subfield code="a">United States</subfield><subfield code="b">Delaware</subfield><subfield code="c">New castle</subfield><subfield code="d">Wilmington.</subfield></datafield><datafield ind1="0" ind2="4" tag="780"><subfield code="t">Every evening (Wilmington, Del. : 1928)</subfield><subfield code="w">(DLC)sn 83045694</subfield></datafield><datafield ind1="0" ind2="4" tag="780"><subfield code="t">Evening journal (Wilmington, Del. : 1888)</subfield><subfield code="w">(DLC)sn 85042354</subfield></datafield><datafield ind1="0" ind2="0" tag="785"><subfield code="t">Journal-every evening</subfield><subfield code="w">(DLC)sn 84027147</subfield></datafield></record>